% Bibliography
@misc{state2016blockchain,
  title={State of blockchain Q1 2016: Blockchain funding overtakes bitcoin},
  year={2016},
  howpublished={\url{http://www.coindesk.com/state-of-blockchain-q1-2016/}}
}

@misc{nakamoto2008bitcoin,
  author={Nakamoto, Satoshi},
  title={Bitcoin: A peer-to-peer electronic cash system},
  year={2008},
  howpublished={\url{https://bitcoin.org/bitcoin.pdf}}
}

@misc{peters2015trends,
  author={Peters, G. W. and Panayi, E. and Chapelle, A.},
  title={Trends in crypto-currencies and blockchain technologies: A monetary theory and regulation perspective},
  year={2015},
  howpublished={\url{http://dx.doi.org/10.2139/ssrn.2646618}}
}

@article{foroglou2015blockchain,
  title={Further applications of the blockchain},
  author={Foroglou, Georgios and Tsilidou, Anna-Liza},
  journal={Proceedings of the 12th Student Conference on Managerial Science and Technology},
  year={2015}
}

@inproceedings{kosba2016hawk,
  title={Hawk: The blockchain model of cryptography and privacy-preserving smart contracts},
  author={Kosba, Ahmed and Miller, Andrew and Shi, Elaine and Wen, Zhiyun and Papamanthou, Charalampos},
  booktitle={Proceedings of IEEE Symposium on Security and Privacy (SP)},
  address={San Jose, CA, USA},
  pages={839--858},
  year={2016}
}

@misc{akins2013bitcoin,
  author={Akins, B. W. and Chapman, J. L. and Gordon, J. M.},
  title={A whole new world: Income tax considerations of the bitcoin economy},
  year={2013},
  howpublished={\url{https://ssrn.com/abstract=2394738}}
}

@inproceedings{zhang2015iot,
  title={An IoT electric business model based on the protocol of bitcoin},
  author={Zhang, Y. and Wen, J.},
  booktitle={Proceedings of the 18th International Conference on Intelligence in Next Generation Networks (ICIN)},
  address={Paris, France},
  pages={184--191},
  year={2015}
}

@inproceedings{sharples2015blockchain,
  title={The blockchain and kudos: A distributed system for educational record, reputation and reward},
  author={Sharples, Mike and Domingue, John},
  booktitle={Proceedings of the 11th European Conference on Technology Enhanced Learning (EC-TEL)},
  address={Lyon, France},
  pages={490--496},
  year={2015}
}

@article{noyes2016bitav,
  title={BitAV: Fast anti-malware by distributed blockchain consensus and feedforward scanning},
  author={Noyes, C.},
  journal={arXiv preprint arXiv:1601.01405},
  year={2016}
}

@inproceedings{eyal2014majority,
  title={Majority is not enough: Bitcoin mining is vulnerable},
  author={Eyal, Ittay and Sirer, Emin G{\"u}n},
  booktitle={Proceedings of International Conference on Financial Cryptography and Data Security},
  address={Berlin, Heidelberg},
  pages={436--454},
  year={2014}
}
@inproceedings{biryukov2014deanonymisation,
  title={Deanonymisation of clients in bitcoin P2P network},
  author={Biryukov, Alex and Khovratovich, Dmitry and Pustogarov, Ivan},
  booktitle={Proceedings of the 2014 ACM SIGSAC Conference on Computer and Communications Security},
  address={New York, NY, USA},
  pages={15--29},
  year={2014}
}

@article{tschorsch2016survey,
  title={Bitcoin and beyond: A technical survey on decentralized digital currencies},
  author={Tschorsch, Florian and Scheuermann, Bj{\"o}rn},
  journal={IEEE Communications Surveys \& Tutorials},
  volume={18},
  number={3},
  pages={2084--2123},
  year={2016}
}

@techreport{nri2015survey,
  title={Survey on blockchain technologies and related services},
  author={{NRI}},
  institution={Ministry of Economy, Trade and Industry (METI)},
  year={2015},
  note={\url{http://www.meti.go.jp/english/press/2016/pdf/0531_01f.pdf}}
}

@book{lee2015handbook,
  editor={Lee Kuo Chuen, David},
  title={Handbook of Digital Currency},
  publisher={Elsevier},
  year={2015},
  isbn={9780128021170},
  address={Amsterdam},
  note={\url{http://EconPapers.repec.org/RePEc:eee:monogr:9780128021170}}
}

@misc{buterin2014whitepaper,
  author={Buterin, Vitalik},
  title={A next-generation smart contract and decentralized application platform},
  year={2014},
  note={White paper}
}

@article{johnson2001ecdsa,
  title={The elliptic curve digital signature algorithm (ECDSA)},
  author={Johnson, Don and Menezes, Alfred and Vanstone, Scott},
  journal={International Journal of Information Security},
  volume={1},
  number={1},
  pages={36--63},
  year={2001}
}

@misc{buterin2015blockchains,
  author={Buterin, Vitalik},
  title={On public and private blockchains},
  year={2015},
  howpublished={\url{https://blog.ethereum.org/2015/08/07/on-public-and-private-blockchains/}}
}

@misc{hyperledger2015,
  title={Hyperledger project},
  year={2015},
  howpublished={\url{https://www.hyperledger.org/}}
}

@misc{ethereum2015consortium,
  title={Consortium chain development},
  howpublished={\url{https://github.com/ethereum/wiki/wiki/Consortium-Chain-Development}}
}

@article{lamport1982byzantine,
  title={The Byzantine generals problem},
  author={Lamport, Leslie and Shostak, Robert and Pease, Marshall},
  journal={ACM Transactions on Programming Languages and Systems (TOPLAS)},
  volume={4},
  number={3},
  pages={382--401},
  year={1982}
}
@misc{king2012ppcoin,
  author={King, Sunny and Nadal, Scott},
  title={PPCoin: Peer-to-peer crypto-currency with proof-of-stake},
  year={2012},
  note={Self-Published Paper, August}
}

@misc{bitshares2016,
  title={BitShares - your share in the decentralized exchange},
  year={2016},
  howpublished={\url{https://bitshares.org/}}
}

@techreport{schwartz2014ripple,
  author={Schwartz, David and Youngs, Noah and Britto, Arthur},
  title={The Ripple Protocol Consensus Algorithm},
  institution={Ripple Labs Inc},
  year={2014},
  volume={5}
}

@misc{kwon2014tendermint,
  author={Kwon, Jae},
  title={Tendermint: Consensus without mining},
  year={2014},
  note={\url{http://tendermint.com/docs/tendermint_v04.pdf}}
}

@misc{king2013primecoin,
  author={King, Sunny},
  title={Primecoin: Cryptocurrency with prime number proof-of-work},
  year={2013},
  note={July 7th}
}

@misc{vasin2014blackcoin,
  author={Vasin, Pavel},
  title={BlackCoin’s Proof-of-Stake Protocol v2},
  year={2014},
  howpublished={\url{https://blackcoin.co/blackcoin-pos-protocol-v2-whitepaper.pdf}}
}

@misc{wood2014ethereum,
  author={Wood, Gavin},
  title={Ethereum: A secure decentralised generalised transaction ledger},
  year={2014},
  note={Ethereum Project Yellow Paper}
}

@misc{zamfir2015casper,
  author={Zamfir, Vlad},
  title={Introducing Casper the Friendly Ghost},
  year={2015},
  howpublished={\url{https://blog.ethereum.org/2015/08/01/introducing-casper-friendly-ghost}}
}

@inproceedings{castro1999pbft,
  author={Castro, Miguel and Liskov, Barbara},
  title={Practical Byzantine fault tolerance},
  booktitle={Proceedings of the Third Symposium on Operating Systems Design and Implementation (OSDI)},
  volume={99},
  address={New Orleans, USA},
  pages={173--186},
  year={1999}
}
@inproceedings{atzei2017survey,
  title={A survey of attacks on Ethereum smart contracts (SoK)},
  author={Atzei, Nicola and Bartoletti, Massimo and Cimoli, Tiziana},
  booktitle={International Conference on Principles of Security and Trust},
  pages={164--186},
  year={2017},
  organization={Springer}
}
@techreport{mazieres2015stellar,
  author={Mazieres, David},
  title={The Stellar Consensus Protocol: A Federated Model for Internet-level Consensus},
  institution={Stellar Development Foundation},
  year={2015}
}
@misc{antshares2016,
  title={Antshares: Digital assets for everyone},
  year={2016},
  howpublished={\url{https://www.antshares.org}}
}

@inproceedings{vukolic2015scalability,
  author={Vukolić, Marko},
  title={The quest for scalable blockchain fabric: Proof-of-work vs. BFT replication},
  booktitle={International Workshop on Open Problems in Network Security},
  address={Zurich, Switzerland},
  pages={112--125},
  year={2015}
}

@inproceedings{decker2016consistency,
  author={Decker, Christian and Seidel, Jochen and Wattenhofer, Roger},
  title={Bitcoin meets strong consistency},
  booktitle={Proceedings of the 17th International Conference on Distributed Computing and Networking (ICDCN)},
  address={Singapore},
  publisher={ACM},
  pages={13},
  year={2016}
}

@article{kraft2016difficulty,
  author={Kraft, Daniel},
  title={Difficulty control for blockchain-based consensus systems},
  journal={Peer-to-Peer Networking and Applications},
  volume={9},
  number={2},
  pages={397--413},
  year={2016}
}

@article{sompolinsky2013ghost,
  author={Sompolinsky, Yonatan and Zohar, Aviv},
  title={Accelerating bitcoin’s transaction processing. Fast money grows on trees, not chains},
  journal={IACR Cryptology ePrint Archive},
  volume={2013},
  number={881},
  year={2013}
}

@article{chepurnoy2016prunable,
  author={Chepurnoy, Alexander and Larangeira, Miguel and Ojiganov, Alexey},
  title={A prunable blockchain consensus protocol based on non-interactive proofs of past states retrievability},
  journal={arXiv preprint arXiv:1603.07926},
  year={2016}
}

@misc{bruce2014miniblockchain,
  author={Bruce, J.},
  title={The mini-blockchain scheme},
  year={2014},
  howpublished={\url{http://cryptonite.info/files/mbc-scheme-rev3.pdf}}
}

@inproceedings{hooff2014versum,
  author={van den Hooff, Jacob and Kaashoek, M. Frans and Zeldovich, Nickolai},
  title={Versum: Verifiable computations over large public logs},
  booktitle={Proceedings of the 2014 ACM SIGSAC Conference on Computer and Communications Security},
  address={New York, NY, USA},
  pages={1304--1316},
  year={2014}
}

@inproceedings{eyal2016bitcoinng,
  author={Eyal, Ittay and Gencer, Adem Efe and Sirer, Emin Gün and Van Renesse, Robbert},
  title={Bitcoin-NG: A scalable blockchain protocol},
  booktitle={Proceedings of 13th USENIX Symposium on Networked Systems Design and Implementation (NSDI 16)},
  address={Santa Clara, CA, USA},
  pages={45--59},
  year={2016}
}

@inproceedings{meiklejohn2013fistful,
  author={Meiklejohn, Sarah and Pomarole, Marjori and Jordan, Grant and Levchenko, Kirill and McCoy, Damon and Voelker, Geoffrey M. and Savage, Stefan},
  title={A fistful of bitcoins: Characterizing payments among men with no names},
  booktitle={Proceedings of the 2013 Conference on Internet Measurement Conference (IMC’13)},
  address={New York, NY, USA},
  year={2013}
}
@misc{barcelo2014privacy,
  author={Barcelo, Joan},
  title={User privacy in the public bitcoin blockchain},
  year={2014}
}

@inproceedings{moser2013anonymity,
  author={Möser, Malte},
  title={Anonymity of bitcoin transactions: An analysis of mixing services},
  booktitle={Proceedings of Münster Bitcoin Conference},
  address={Münster, Germany},
  pages={17--18},
  year={2013}
}

@inproceedings{bonneau2014mixcoin,
  author={Bonneau, Joseph and Narayanan, Arvind and Miller, Andrew and Clark, Jeremy and Kroll, Joshua A. and Felten, Edward W.},
  title={Mixcoin: Anonymity for bitcoin with accountable mixes},
  booktitle={Proceedings of International Conference on Financial Cryptography and Data Security},
  address={Berlin, Heidelberg},
  pages={486--504},
  year={2014}
}

@misc{maxwell2013coinjoin,
  author={Maxwell, Gregory},
  title={CoinJoin: Bitcoin privacy for the real world},
  year={2013},
  note={Post on Bitcoin Forum}
}

@inproceedings{ruffing2014coinshuffle,
  author={Ruffing, Tim and Moreno-Sanchez, Pedro and Kate, Aniket},
  title={CoinShuffle: Practical decentralized coin mixing for bitcoin},
  booktitle={Proceedings of European Symposium on Research in Computer Security},
  address={Cham},
  pages={345--364},
  year={2014}
}

@inproceedings{miers2013zerocoin,
  author={Miers, Ian and Garman, Christina and Green, Matthew and Rubin, Aviel D.},
  title={Zerocoin: Anonymous distributed e-cash from bitcoin},
  booktitle={Proceedings of IEEE Symposium on Security and Privacy (SP)},
  address={Berkeley, CA, USA},
  pages={397--411},
  year={2013}
}

@inproceedings{sasson2014zerocash,
  author={Sasson, Eli Ben and Chiesa, Alessandro and Garman, Christina and Green, Matthew and Miers, Ian and Tromer, Eran and Virza, Madars},
  title={Zerocash: Decentralized anonymous payments from bitcoin},
  booktitle={Proceedings of 2014 IEEE Symposium on Security and Privacy (SP)},
  address={San Jose, CA, USA},
  pages={459--474},
  year={2014}
}

@inproceedings{nayak2016stubborn,
  author={Nayak, Kartik and Kumar, Shruti and Miller, Andrew and Shi, Elaine},
  title={Stubborn mining: Generalizing selfish mining and combining with an eclipse attack},
  booktitle={Proceedings of 2016 IEEE European Symposium on Security and Privacy (EuroS\&P)},
  address={Saarbrucken, Germany},
  pages={305--320},
  year={2016}
}

@article{sapirshtein2015selfish,
  author={Sapirshtein, Asaf and Sompolinsky, Yonatan and Zohar, Aviv},
  title={Optimal selfish mining strategies in bitcoin},
  journal={arXiv preprint arXiv:1507.06183},
  year={2015}
}

@misc{billah2015honest,
  author={Billah, Shahriar},
  title={One weird trick to stop selfish miners: Fresh bitcoins, a solution for the honest miner},
  year={2015}
}
@techreport{solat2016zeroblock,
  author={Solat, Siamak and Potop-Butucaru, Maria},
  title={ZeroBlock: Timestamp-Free Prevention of Block-Withholding Attack in Bitcoin},
  institution={Sorbonne Universités, UPMC University of Paris 6},
  year={2016},
  note={Technical Report, \url{https://hal.archives-ouvertes.fr/hal-01310088}}
}

@misc{coinmarketcap2017,
  title={Crypto-currency market capitalizations},
  year={2017},
  howpublished={\url{https://coinmarketcap.com}}
}

@misc{miningpools,
  title={The biggest mining pools},
  howpublished={\url{https://bitcoinworldwide.com/mining/pools/}}
}

@misc{szabo1997smartcontracts,
  author={Szabo, Nick},
  title={The idea of smart contracts},
  year={1997}
}

@article{durieux2020empirical,
  title={Empirical review of automated vulnerability detection tools for Ethereum smart contracts},
  author={Durieux, Thomas and Ferreira, Jo{\~a}o and Abreu, Rui and Cruz, Pedro},
  journal={ACM Computing Surveys},
  year={2020}
}

@article{feng2024interpretable,
  title={An interpretable model for large-scale smart contract vulnerability detection},
  author={Feng, Xia and others},
  journal={Blockchain: Research and Applications},
  year={2024}
}

@thesis{lesimple2020master,
  author = {Lesimple, Nicolas},
  title = {Exploring Deep Learning Models for Vulnerabilities Detection in Smart Contracts},
  school = {EPFL},
  year = {2020},
  type = {Master’s Thesis}
}

@article{zhang2020scvd,
  title={SCVD: Smart Contract Vulnerability Detection Dataset and Multi-label Learning},
  author={Zhang, Hongru and others},
  journal={arXiv preprint arXiv:1911.09425},
  year={2020}
}

@inproceedings{albert2019safevm,
  title={SAFEVM: A safety verifier for Ethereum smart contracts},
  author={Albert, Elvira and Correas, Jesús and others},
  booktitle={ISSTA 2019},
  year={2019}
}

@article{tann2020towards,
  title={Towards smarter contract analysis tools},
  author={Tann, Wesley and others},
  journal={arXiv preprint arXiv:2309.09826},
  year={2023}
}
@misc{cisco2020internetreport,
  author       = {{Cisco}},
  title        = {Cisco Annual Internet Report (2018–2023) White Paper},
  year         = {2020},
  howpublished = {\url{https://www.cisco.com/c/en/us/solutions/collateral/executive-perspectives/annual-internet-report/white-paper-c11-741490.html}},
  note         = {Accessed: 2025-04-11}
}
@misc{raj2019cnn,
  author       = {Raj, Deepanshu},
  title        = {Convolutional Neural Networks (CNN) Architectures Explained},
  year         = {2019},
  howpublished = {\url{https://medium.com/@draj0718/convolutional-neural-networks-cnn-architectures-explained-716fb197b243}},
  note         = {Accessed: 2025-05-06}
}
@misc{amanatulla2023transformer,
  author       = {Amanatulla, Aman},
  title        = {Transformer Architecture Explained},
  year         = {2023},
  howpublished = {\url{https://medium.com/@amanatulla1606/transformer-architecture-explained-2c49e2257b4c}},
  note         = {Accessed: 2025-05-06}
}

@misc{neptune2023gnn,
  author       = {Neptune.ai},
  title        = {Graph Neural Network and Some of GNN Applications},
  year         = {2023},
  howpublished = {\url{https://neptune.ai/blog/graph-neural-network-and-some-of-gnn-applications}},
  note         = {Accessed: 2025-05-06}
}